@misc{prince2023understanding,
  title={Understanding Deep Learning},
  author={Prince, Simon JD},
  year={2023},
  publisher={MIT Press}
}
